@online{gitflow,
    author = "Atlassain",
    title = "GitFlow Workflow",
    url = "https://www.atlassian.com/git/tutorials/comparing-workflows/gitflow-workflow",
    urldate = {2023-02-10}
}

@online{developerSurvey,
    author = "StackOverflow",
    title = "2022 Developer Survey",
    url = "https://survey.stackoverflow.co/2022/#most-loved-dreaded-and-wanted-webframe-want",
    year = 2022,
    urldate = {2023-02-09}
}

